<?xml version="1.0" encoding="UTF-8"?><collection xmlns="http://www.loc.gov/MARC21/slim"><record><leader>00488nam--2200169-i-4500</leader><controlfield tag="001">000036024</controlfield><controlfield tag="002">20161230</controlfield><controlfield tag="005">20161230201040</controlfield><controlfield tag="008">060222s1000------------r-----000-0-fre-d</controlfield><datafield ind1=" " ind2=" " tag="041"><subfield code="a">fre</subfield></datafield><datafield ind1=" " ind2=" " tag="080"><subfield code="a">53(075)</subfield></datafield><datafield ind1="1" ind2=" " tag="100"><subfield code="a">Ollivier, H</subfield></datafield><datafield ind1="1" ind2="0" tag="245"><subfield code="a">Cours de physique generale. tome second</subfield><subfield code="b">Thermodynamique et etude de l`energie rayonnante</subfield><subfield code="c">H. ollivier</subfield></datafield><datafield ind1=" " ind2=" " tag="260"><subfield code="a">Paris</subfield><subfield code="b">Librairie Scientifique J.Hermann</subfield><subfield code="c">1927</subfield></datafield><datafield ind1=" " ind2=" " tag="300"><subfield code="a">227P</subfield></datafield><datafield ind1=" " ind2=" " tag="852"><subfield code="a">72055</subfield><subfield code="c">H.H</subfield></datafield><datafield ind1=" " ind2=" " tag="CAT"><subfield code="a">Sys</subfield><subfield code="c">20130417</subfield><subfield code="h">163024</subfield></datafield></record></collection>